
@Misc{calTechCalib,
  Title                    = {Camera Calibration toolbox for Matlab},
  HowPublished             = {\url{http://www.vision.caltech.edu/bouguetj/calib_doc/index.html}},
  Note                     = {Accessed: 2018-05-28}
}

@Misc{paramDetails,
  Title                    = {Description of the calibration parameters},
  HowPublished             = {\url{http://www.vision.caltech.edu/bouguetj/calib_doc/htmls/parameters.html}},
  Note                     = {Accessed: 2018-06-05}
}


