% This file was created with JabRef 2.10.
% Encoding: UTF-8


@Misc{motorInternals,
  Title                    = {NXT motor internals},
  HowPublished             = {\url{http://www.philohome.com/nxtmotor/nxtmotor.htm}},
  Note                     = {Accessed: 2018-04-25}
}

